<record xmlns='http://www.loc.gov/MARC21/slim'><leader>01567cam a2200349La 4500</leader><controlfield tag='001'>4765221</controlfield><controlfield tag='005'>20160928114240.0</controlfield><controlfield tag='008'>060302s1922    ru a          000 0 rus d</controlfield><datafield ind1=' ' ind2=' ' tag='035'><subfield code='a'>(OCoLC)ocm81036254</subfield></datafield><datafield ind1=' ' ind2=' ' tag='035'><subfield code='a'>(idCotsen)9419</subfield></datafield><datafield ind1=' ' ind2=' ' tag='035'><subfield code='9'>(cotsenAccess)22997</subfield></datafield><datafield ind1=' ' ind2=' ' tag='035'><subfield code='a'>(cotsendb)59840</subfield></datafield><datafield ind1=' ' ind2=' ' tag='040'><subfield code='a'>CMalG</subfield><subfield code='c'>JPG</subfield><subfield code='d'>OCLCG</subfield><subfield code='d'>NjP</subfield></datafield><datafield ind1=' ' ind2=' ' tag='043'><subfield code='a'>e-ur---</subfield></datafield><datafield ind1=' ' ind2=' ' tag='035'><subfield code='a'>(OCoLC)81036254</subfield></datafield><datafield ind1=' ' ind2='4' tag='050'><subfield code='a'>NC1807.S65</subfield><subfield code='b'>L43 1922</subfield></datafield><datafield ind1='1' ind2=' ' tag='100'><subfield code='a'>Lebedev, Vladimir Vasilʹevich,</subfield><subfield code='d'>1891-1967.</subfield></datafield><datafield ind1='1' ind2='4' tag='242'><subfield code='a'>The Russian poster, 1917-1922.</subfield><subfield code='n'>First issue,</subfield><subfield code='p'>V.V. Lebedev.</subfield><subfield code='y'>eng</subfield></datafield><datafield ind1='1' ind2='0' tag='245'><subfield code='a'>Russkiĭ plakat, 1917-1922.</subfield><subfield code='n'>Vypusk pervyi,</subfield><subfield code='p'>V.V. Lebedev /</subfield><subfield code='c'>tekst N.N. Punina.</subfield></datafield><datafield ind1=' ' ind2=' ' tag='260'><subfield code='a'>Peterburg :</subfield><subfield code='b'>Izd-vo &quot;Strelet︠s︡&quot;,</subfield><subfield code='c'>1922.</subfield></datafield><datafield ind1=' ' ind2=' ' tag='300'><subfield code='a'>36 p., xxiii leaves of plates :</subfield><subfield code='b'>colored ill. ;</subfield><subfield code='c'>22 cm.</subfield></datafield><datafield ind1=' ' ind2=' ' tag='500'><subfield code='a'>&quot;Otpechatano ... v kolichestve 500 numerovannykh ėkzempli︠a︡rov&quot;--P. [2].</subfield></datafield><datafield ind1=' ' ind2=' ' tag='500'><subfield code='a'>Reference work on posters created by Lebedev from 1919-1921 for the &apos;agit&apos;-windows sponsored by the Russian Telegraph Agency (ROSTA). Punin also not unfamous as artist, critic, and second husband of Anna Akhmatova.</subfield></datafield><datafield ind1=' ' ind2=' ' tag='500'><subfield code='3'>Princeton copy 1:</subfield><subfield code='a'>Pages 17-24 repeat in this copy.</subfield><subfield code='5'>NjP</subfield></datafield><datafield ind1=' ' ind2=' ' tag='530'><subfield code='a'>Also available in an electronic version.</subfield></datafield><datafield ind1=' ' ind2=' ' tag='563'><subfield code='a'>pub. orange wraps, col. ill. cover label.</subfield></datafield><datafield ind1='1' ind2='0' tag='600'><subfield code='a'>Lebedev, Vladimir Vasilʹevich,</subfield><subfield code='d'>1891-1967.</subfield></datafield><datafield ind1=' ' ind2='0' tag='650'><subfield code='a'>Posters, Soviet.</subfield></datafield><datafield ind1=' ' ind2='0' tag='650'><subfield code='a'>Posters</subfield><subfield code='y'>20th century</subfield><subfield code='z'>Soviet Union.</subfield></datafield><datafield ind1='1' ind2=' ' tag='700'><subfield code='a'>Punin, N. N.</subfield><subfield code='q'>(Nikolaĭ Nikolaevich)</subfield></datafield><datafield ind1='4' ind2='1' tag='856'><subfield code='u'>http://arks.princeton.edu/ark:/88435/00000140q</subfield></datafield><datafield ind1=' ' ind2=' ' tag='999'><subfield code='a'>4765221</subfield></datafield><datafield ind1='8' ind2=' ' tag='852'><subfield code='0'>4983777</subfield><subfield code='b'>ctsn</subfield><subfield code='c'>NR CyrillicQ</subfield><subfield code='h'>153779</subfield><subfield code='x'>Former call number: (CTSN) 9419</subfield></datafield><datafield ind1=' ' ind2='0' tag='866'><subfield code='0'>4983777</subfield><subfield code='z'>Princeton copy 1</subfield></datafield><datafield ind1='8' ind2=' ' tag='852'><subfield code='0'>8276385</subfield><subfield code='b'>elf1</subfield><subfield code='h'>Electronic Resource</subfield></datafield><datafield ind1=' ' ind2=' ' tag='959'><subfield code='a'>2006-06-02 13:51:02 -0500</subfield></datafield></record>